/home/sam/Documents/My-Library.bib